@inproceedings{moerkotte2006analysis,
  title={Analysis of two existing and one new dynamic programming algorithm for the generation of optimal bushy join trees without cross products},
  author={Moerkotte, Guido and Neumann, Thomas},
  booktitle={Proceedings of the 32nd international conference on Very large data bases},
  pages={930--941},
  year={2006},
  organization={Citeseer}
}

@inproceedings{leis2013adaptive,
  title={The adaptive radix tree: ARTful indexing for main-memory databases},
  author={Leis, Viktor and Kemper, Alfons and Neumann, Thomas},
  booktitle={2013 IEEE 29th International Conference on Data Engineering (ICDE)},
  pages={38--49},
  year={2013},
  organization={IEEE}
}

@book{fielding2000architectural,
  title={Architectural styles and the design of network-based software architectures},
  author={Fielding, Roy T and Taylor, Richard N},
  volume={7},
  year={2000},
  publisher={University of California, Irvine Irvine}
}

@article{raymond2003compactness,
  title={Compactness and Orthogonality},
  author={Raymond, Eric Steven},
  journal={The Art of Unix Programming},
  year={2003}
}